@article{einstein,
  author =       "Albert Einstein",
  title =        "{Zur Elektrodynamik bewegter K{\"o}rper}. ({German})
                 [{On} the electrodynamics of moving bodies]",
  journal =      "Annalen der Physik",
  volume =       "322",
  number =       "10",
  pages =        "891--921",
  year =         "1905",
  DOI =          "http://dx.doi.org/10.1002/andp.19053221004"
}

@book{latexcompanion,
    author    = "Michel Goossens and Frank Mittelbach and Alexander Samarin",
    title     = "The \LaTeX\ Companion",
    year      = "1993",
    publisher = "Addison-Wesley",
    address   = "Reading, Massachusetts"
}
 
@misc{knuthwebsite,
    author    = "Donald Knuth",
    title     = "Knuth: Computers and Typesetting",
    url       = "http://www-cs-faculty.stanford.edu/\~{}uno/abcde.html"
}

@article{M1,
title={A fast electro-thermal co-simulation modeling approach for SiC power MOSFETs},
DOI={10.1109/apec.2017.7930813},
journal={2017 IEEE Applied Power Electronics Conference and Exposition (APEC)},
author={Ceccarelli, Lorenzo and Bahman, Amir Sajjad and Iannuzzo, Francesco and Blaabjerg, Frede},
year={2017}
}

@electronic{biblatex,
  author        = "Philipp Lehman",
  title         = "The biblatex package",
  url           = "http://www.ctan.org/tex-archive/macros/latex/exptl/biblatex/",
  month         = apr,
  year          = "2008"
}

@book{book_typical,
  author        = "B. D. Cullity",
  title         = "Introduction to Magnetic Materials",
  publisher     = "Addison-Wesley",
  address       = "Reading, MA",
  year          = "1972"
}

@article{IEEEexample:TBParticle,
  author        = "N. Kahale and R. Urbanke",
  title         = "On the Minimum Distance of Parallel and Serially
                   Concatenated Codes",
  journal       = "IEEE\_J\_IT",
  year          = "submitted for publication"
}